@inproceedings{sanden2011enhancing,
  title={Enhancing multi-label music genre classification through ensemble techniques},
  author={Sanden, C. and Zhang, J.Z.},
  booktitle={Proceedings of the 34th international ACM SIGIR conference on Research and development in Information},
  pages={705--714},
  year=2011,
  organization={ACM}
}

@Article{mulan,
  author       = "Grigorios Tsoumakas and Eleftherios Spyromitros-Xioufis and Jozef Vilcek and Ioannis Vlahavas",
  title        = "Mulan: A Java Library for Multi-Label Learning",
  journal      = "Journal of Machine Learning Research",
  volume       = "12",
  year         = "2011",
  pages        = "2411--2414",
}
