@inproceedings{sanden2011enhancing,
  title={Enhancing multi-label music genre classification through ensemble techniques},
  author={Sanden, C. and Zhang, J.Z.},
  booktitle={Proceedings of the 34th international ACM SIGIR conference on Research and development in Information},
  pages={705--714},
  year=2011,
  organization={ACM}
}

@Article{mulan,
  author       = "Grigorios Tsoumakas and Eleftherios Spyromitros-Xioufis and Jozef Vilcek and Ioannis Vlahavas",
  title        = "Mulan: A Java Library for Multi-Label Learning",
  journal      = "Journal of Machine Learning Research",
  volume       = "12",
  year         = "2011",
  pages        = "2411--2414",
}

@incollection{MLLChapter,
  author    = "Grigorios Tsoumakas and Ioannis Katakis and Ioannis P. Vlahavas",
  title     = "Mining Multi-label Data",
  booktitle = "Data Mining and Knowledge Discovery Handbook",
  year      = "2010",
  pages     = "667-685",
  ee        = "http://dx.doi.org/10.1007/978-0-387-09823-4_34",
  crossref  = "DBLP:reference/dmkdh/2010",
  bibsource = "DBLP, http://dblp.uni-trier.de"
}


@Article{MLCOverview,
  author       = "Grigorios Tsoumakas and and Ioannis Katakis",
  title        = "Multi-Label Classification: An Overview",
  journal      = "International Journal of Data Warehousing and Mining",
  volume       = "3(3):1-13",
  year         = "2007",
}

@misc{MLLSlides,
  author		= "Grigorios Tsoumakas and M.L. Zhang and Z-H.Zhou",
  title			= "Learning from Multi-label Data, Tutorial at \uppercase{ECML}/\uppercase{PKDD}'09",
  year			= "2009"
}

@Article{IBLR,
  author       = "Weiwei Cheng and Eyke Hullermeier",
  title        = "Combining Instance-Based Learning and Logistic Regression for Multilabel Classification",
  journal      = "Machine Learning",
  volume       = "76:211-225",
  year         = 2009,
}

@misc{mulan-website,
title = "Mutli-label datasets for use with Mulan",
url = "http://mulan.sourceforge.net/datasets.html"
}

@inproceedings{HOMER,
  title={Effective and efficient multilabel classification in domains with large number of labels},
  author={Tsoumakas, G. and Katakis, I. and Vlahavas, I.},
  booktitle={Proc. ECML/PKDD 2008 Workshop on Mining Multidimensional Data (MMD'08)},
  pages={30--44},
  year=2008
}