pp@Article{TsoumakasVlahavas2007kLablesets,
  author	= "Grigorios Tsoumakas and Ioannis Vlahavas",
  title		= "Random k-Labelsets: An Ensemble Method for Multilabel Classification",
  journal	=  "Lecture Notes in Artificial Intelligence",
  volume	= "4701",
  year		= "2007",
  pages	= "406--417"
}

@Article{RogatiYang2002featureSelection,
  author	= "Monica Rogati and Yiming Yang",
  title		= "High-Performing Feature Selection for Text Classification",
  journal	=  "CIKM 2002: Proceedings of the eleventh international conference on Information and knowledge management.",
  volume	= "2002",
  year		= "2002",
  pages	= "659--661"
}

@book{manning2008introduction,
  title={Introduction to information retrieval},
  author={C.D. Manning and P. Raghavan and H. Schutze},
  volume={1},
  year={2008},
  publisher={Cambridge University Press Cambridge}
}

@article{kubat2010induction,
  title={Induction in Multi-Label Text Classification Domains},
  author={M. Kubat and K. Sarinnapakorn and S. Dendamrongvit},
  journal={Advances in Machine Learning II},
  pages={225--244},
  year={2010},
  publisher={Springer}
}